
  <record>
    <leader>00924cam a2200301 i 4500</leader>
    <controlfield tag="001">117</controlfield>
    <controlfield tag="005">20141021232404.0</controlfield>
    <controlfield tag="008">860205s1964    pl            000 0 pol  </controlfield>
    <datafield tag="010" ind1=" " ind2=" ">
      <subfield code="a">   65044960 </subfield>
    </datafield>
    <datafield tag="035" ind1=" " ind2=" ">
      <subfield code="a">(CStRLIN)NYCX86B14385</subfield>
    </datafield>
    <datafield tag="035" ind1=" " ind2=" ">
      <subfield code="a">(NIC)notisAAA0115</subfield>
    </datafield>
    <datafield tag="035" ind1=" " ind2=" ">
      <subfield code="a">(OCoLC)19785387</subfield>
    </datafield>
    <datafield tag="035" ind1=" " ind2=" ">
      <subfield code="a">117</subfield>
    </datafield>
    <datafield tag="040" ind1=" " ind2=" ">
      <subfield code="c">NjR-L</subfield>
      <subfield code="d">NjR-L</subfield>
      <subfield code="d">NIC</subfield>
    </datafield>
    <datafield tag="050" ind1="0" ind2=" ">
      <subfield code="a">JX3695.P7</subfield>
      <subfield code="b">.K55</subfield>
    </datafield>
    <datafield tag="100" ind1="1" ind2=" ">
      <subfield code="a">Klafkowski, Alfons.</subfield>
    </datafield>
    <datafield tag="245" ind1="1" ind2="0">
      <subfield code="a">Prawo międzynarodowe publiczne /</subfield>
      <subfield code="c">Alfons Klafkowski.</subfield>
    </datafield>
    <datafield tag="250" ind1=" " ind2=" ">
      <subfield code="a">[wyd. 1.]</subfield>
    </datafield>
    <datafield tag="260" ind1=" " ind2=" ">
      <subfield code="a">Warszawa :</subfield>
      <subfield code="b">Państwowe Wydawn. Naukowe,</subfield>
      <subfield code="c">1964.</subfield>
    </datafield>
    <datafield tag="300" ind1=" " ind2=" ">
      <subfield code="a">364 p. ;</subfield>
      <subfield code="c">25 cm.</subfield>
    </datafield>
    <datafield tag="500" ind1=" " ind2=" ">
      <subfield code="a">Errata slip inserted.</subfield>
    </datafield>
    <datafield tag="504" ind1=" " ind2=" ">
      <subfield code="a">Bibliographical footnotes.</subfield>
    </datafield>
    <datafield tag="650" ind1=" " ind2="0">
      <subfield code="a">International law</subfield>
    </datafield>
    <datafield tag="650" ind1=" " ind2="7">
      <subfield code="a">International law</subfield>
      <subfield code="2">fast</subfield>
      <subfield code="0">(OCoLC)fst00976984</subfield>
    </datafield>
    <datafield tag="905" ind1=" " ind2=" ">
      <subfield code="a">19880603120000.0</subfield>
    </datafield>
    <datafield tag="948" ind1="2" ind2=" ">
      <subfield code="a">20091105</subfield>
      <subfield code="b">y</subfield>
      <subfield code="d">ekh3</subfield>
      <subfield code="e">law</subfield>
    </datafield>
    <datafield tag="948" ind1="2" ind2=" ">
      <subfield code="a">20141016</subfield>
      <subfield code="b">m</subfield>
      <subfield code="d">batch</subfield>
      <subfield code="e">lts</subfield>
      <subfield code="x">addfast</subfield>
    </datafield>
    <datafield tag="950" ind1=" " ind2=" ">
      <subfield code="l">LAW</subfield>
      <subfield code="a">JX3695.P7</subfield>
      <subfield code="b">K63</subfield>
      <subfield code="f">BASIC</subfield>
      <subfield code="i">02/05/86 N</subfield>
    </datafield>
  </record>