
  <record>
    <leader>00976cam a2200325   4500</leader>
    <controlfield tag="001">119</controlfield>
    <controlfield tag="005">20141021232405.0</controlfield>
    <controlfield tag="008">851210s1958    nyu           000 0 eng  </controlfield>
    <datafield tag="010" ind1=" " ind2=" ">
      <subfield code="a">   58008539 </subfield>
    </datafield>
    <datafield tag="035" ind1=" " ind2=" ">
      <subfield code="a">(CStRLIN)NYCX85B138672</subfield>
    </datafield>
    <datafield tag="035" ind1=" " ind2=" ">
      <subfield code="a">(NIC)notisAAA0117</subfield>
    </datafield>
    <datafield tag="035" ind1=" " ind2=" ">
      <subfield code="a">(OCoLC)2624234</subfield>
    </datafield>
    <datafield tag="035" ind1=" " ind2=" ">
      <subfield code="a">119</subfield>
    </datafield>
    <datafield tag="040" ind1=" " ind2=" ">
      <subfield code="c">CU-AL</subfield>
      <subfield code="d">NIC</subfield>
    </datafield>
    <datafield tag="050" ind1="0" ind2=" ">
      <subfield code="a">JX3225</subfield>
      <subfield code="b">.J4</subfield>
    </datafield>
    <datafield tag="082" ind1=" " ind2=" ">
      <subfield code="a">341</subfield>
    </datafield>
    <datafield tag="100" ind1="1" ind2=" ">
      <subfield code="a">Jenks, C. Wilfred</subfield>
      <subfield code="q">(Clarence Wilfred),</subfield>
      <subfield code="d">1909-1973.</subfield>
    </datafield>
    <datafield tag="245" ind1="1" ind2="4">
      <subfield code="a">The common law of mankind.</subfield>
    </datafield>
    <datafield tag="260" ind1=" " ind2=" ">
      <subfield code="a">New York,</subfield>
      <subfield code="b">Praeger</subfield>
      <subfield code="c">[1958]</subfield>
    </datafield>
    <datafield tag="300" ind1=" " ind2=" ">
      <subfield code="a">456 p.</subfield>
      <subfield code="c">26 cm.</subfield>
    </datafield>
    <datafield tag="490" ind1="1" ind2=" ">
      <subfield code="a">The Library of world affairs,</subfield>
      <subfield code="v">no. 41</subfield>
    </datafield>
    <datafield tag="650" ind1=" " ind2="0">
      <subfield code="a">International law</subfield>
    </datafield>
    <datafield tag="650" ind1=" " ind2="7">
      <subfield code="a">International law</subfield>
      <subfield code="2">fast</subfield>
      <subfield code="0">(OCoLC)fst00976984</subfield>
    </datafield>
    <datafield tag="830" ind1=" " ind2="0">
      <subfield code="a">Library of world affairs,</subfield>
      <subfield code="v">no. 41.</subfield>
    </datafield>
    <datafield tag="899" ind1=" " ind2=" ">
      <subfield code="a">tsin20091130</subfield>
    </datafield>
    <datafield tag="905" ind1=" " ind2=" ">
      <subfield code="a">19891101120000.0</subfield>
    </datafield>
    <datafield tag="948" ind1="2" ind2=" ">
      <subfield code="a">20091409</subfield>
      <subfield code="b">w</subfield>
      <subfield code="d">batch</subfield>
      <subfield code="e">lts</subfield>
    </datafield>
    <datafield tag="948" ind1="2" ind2=" ">
      <subfield code="a">20141016</subfield>
      <subfield code="b">m</subfield>
      <subfield code="d">batch</subfield>
      <subfield code="e">lts</subfield>
      <subfield code="x">addfast</subfield>
    </datafield>
    <datafield tag="950" ind1=" " ind2=" ">
      <subfield code="l">OLIN</subfield>
      <subfield code="a">JX3225</subfield>
      <subfield code="b">.J53 1958</subfield>
      <subfield code="f">BASIC</subfield>
      <subfield code="i">12/10/85 N</subfield>
    </datafield>
    <datafield tag="976" ind1=" " ind2=" ">
      <subfield code="p">31924005213990</subfield>
    </datafield>
  </record>