
  <record>
    <leader>01097cam a2200301   4500</leader>
    <controlfield tag="001">120</controlfield>
    <controlfield tag="005">20141217161638.0</controlfield>
    <controlfield tag="008">851126s1955    enkc     b    000 0 eng  </controlfield>
    <datafield tag="010" ind1=" " ind2=" ">
      <subfield code="a">   55003749 </subfield>
    </datafield>
    <datafield tag="035" ind1=" " ind2=" ">
      <subfield code="a">(CStRLIN)NYCX85B133328</subfield>
    </datafield>
    <datafield tag="035" ind1=" " ind2=" ">
      <subfield code="a">(NIC)notisAAA0118</subfield>
    </datafield>
    <datafield tag="035" ind1=" " ind2=" ">
      <subfield code="a">(OCoLC)39709883</subfield>
    </datafield>
    <datafield tag="035" ind1=" " ind2=" ">
      <subfield code="a">120</subfield>
    </datafield>
    <datafield tag="040" ind1=" " ind2=" ">
      <subfield code="c">MiU</subfield>
      <subfield code="d">NIC</subfield>
    </datafield>
    <datafield tag="043" ind1=" " ind2=" ">
      <subfield code="a">e-fr---</subfield>
    </datafield>
    <datafield tag="050" ind1="0" ind2=" ">
      <subfield code="a">DC102.535</subfield>
      <subfield code="b">.D5</subfield>
    </datafield>
    <datafield tag="100" ind1="1" ind2=" ">
      <subfield code="a">Russell, Joycelyne Gledhill.</subfield>
    </datafield>
    <datafield tag="245" ind1="1" ind2="4">
      <subfield code="a">The Congress of Arras, 1435;</subfield>
      <subfield code="b">a study in medieval diplomacy.</subfield>
    </datafield>
    <datafield tag="260" ind1=" " ind2=" ">
      <subfield code="a">Oxford,</subfield>
      <subfield code="b">Clarendon Press,</subfield>
      <subfield code="c">1955.</subfield>
    </datafield>
    <datafield tag="300" ind1=" " ind2=" ">
      <subfield code="a">xxii, 266 p.</subfield>
      <subfield code="b">port.</subfield>
      <subfield code="c">22 cm.</subfield>
    </datafield>
    <datafield tag="502" ind1=" " ind2=" ">
      <subfield code="a">Theses--Oxford.</subfield>
    </datafield>
    <datafield tag="504" ind1=" " ind2=" ">
      <subfield code="a">"Unpublished sources": p.[209]-234. "Fundamental sources published and unpublished": p.[235]-238. Bibliography: p.[245]-257.</subfield>
    </datafield>
    <datafield tag="610" ind1="1" ind2="0">
      <subfield code="a">Arras, France.</subfield>
      <subfield code="b">Congress, 1435.</subfield>
    </datafield>
    <datafield tag="610" ind1="1" ind2="0">
      <subfield code="a">Burgundy (France).</subfield>
      <subfield code="t">Treaties, etc.</subfield>
      <subfield code="g">France,</subfield>
      <subfield code="d">1435.</subfield>
    </datafield>
    <datafield tag="630" ind1=" " ind2="7">
      <subfield code="a">Treaties, etc. (Burgundy (France) and France : 1435)</subfield>
      <subfield code="2">fast</subfield>
      <subfield code="0">(OCoLC)fst01713714</subfield>
    </datafield>
    <datafield tag="905" ind1=" " ind2=" ">
      <subfield code="a">19940627120000.0</subfield>
    </datafield>
    <datafield tag="948" ind1="2" ind2=" ">
      <subfield code="a">20141016</subfield>
      <subfield code="b">m</subfield>
      <subfield code="d">batch</subfield>
      <subfield code="e">lts</subfield>
      <subfield code="x">addfast</subfield>
    </datafield>
    <datafield tag="950" ind1=" " ind2=" ">
      <subfield code="l">OLIN</subfield>
      <subfield code="a">JX1931 1435</subfield>
      <subfield code="b">.D55</subfield>
      <subfield code="f">BASIC</subfield>
      <subfield code="i">11/26/85 N</subfield>
    </datafield>
  </record>