
  <record>
    <leader>01431cam a22003491  4500</leader>
    <controlfield tag="001">121</controlfield>
    <controlfield tag="005">20141021232406.0</controlfield>
    <controlfield tag="008">860224s1934    mduae         000 0 eng  </controlfield>
    <datafield tag="010" ind1=" " ind2=" ">
      <subfield code="a">   34012963 </subfield>
    </datafield>
    <datafield tag="035" ind1=" " ind2=" ">
      <subfield code="a">(CStRLIN)NYCX86B22820</subfield>
    </datafield>
    <datafield tag="035" ind1=" " ind2=" ">
      <subfield code="a">(NIC)notisAAA0119</subfield>
    </datafield>
    <datafield tag="035" ind1=" " ind2=" ">
      <subfield code="a">(OCoLC)2382184</subfield>
    </datafield>
    <datafield tag="035" ind1=" " ind2=" ">
      <subfield code="a">121</subfield>
    </datafield>
    <datafield tag="040" ind1=" " ind2=" ">
      <subfield code="c">CMalG</subfield>
      <subfield code="d">CStRLIN</subfield>
      <subfield code="d">MiU</subfield>
      <subfield code="d">NIC</subfield>
    </datafield>
    <datafield tag="043" ind1=" " ind2=" ">
      <subfield code="a">n-us-md</subfield>
    </datafield>
    <datafield tag="050" ind1="0" ind2=" ">
      <subfield code="a">NA7235.M3</subfield>
      <subfield code="b">.F6</subfield>
    </datafield>
    <datafield tag="082" ind1=" " ind2=" ">
      <subfield code="a">728.609752</subfield>
    </datafield>
    <datafield tag="100" ind1="1" ind2=" ">
      <subfield code="a">Forman, Henry Chandlee,</subfield>
      <subfield code="d">1904-1991.</subfield>
    </datafield>
    <datafield tag="245" ind1="1" ind2="0">
      <subfield code="a">Early manor and plantation houses of Maryland;</subfield>
      <subfield code="b">an architectural and historical compendium, 1634-1800,</subfield>
      <subfield code="c">with three hundred twenty photographs and one hundred forty-five plans, details and sketches ... by Henry Chandlee Forman ... introduction by Leicester B. Holland.</subfield>
    </datafield>
    <datafield tag="260" ind1=" " ind2=" ">
      <subfield code="a">Easton, Md.,</subfield>
      <subfield code="a">Haverford, Pa.,</subfield>
      <subfield code="b">Priv. print. for the author,</subfield>
      <subfield code="c">1934.</subfield>
    </datafield>
    <datafield tag="300" ind1=" " ind2=" ">
      <subfield code="a">271 p.</subfield>
      <subfield code="b">front., illus. (incl. plans)</subfield>
      <subfield code="c">31 cm.</subfield>
    </datafield>
    <datafield tag="500" ind1=" " ind2=" ">
      <subfield code="a">Maps on lining-papers.</subfield>
    </datafield>
    <datafield tag="650" ind1=" " ind2="0">
      <subfield code="a">Architecture, Domestic</subfield>
      <subfield code="z">Maryland</subfield>
    </datafield>
    <datafield tag="650" ind1=" " ind2="0">
      <subfield code="a">Architecture, Colonial</subfield>
    </datafield>
    <datafield tag="650" ind1=" " ind2="0">
      <subfield code="a">Historic buildings</subfield>
      <subfield code="z">Maryland.</subfield>
    </datafield>
    <datafield tag="650" ind1=" " ind2="7">
      <subfield code="a">Architecture, Colonial</subfield>
      <subfield code="2">fast</subfield>
      <subfield code="0">(OCoLC)fst00813657</subfield>
    </datafield>
    <datafield tag="650" ind1=" " ind2="7">
      <subfield code="a">Architecture, Domestic</subfield>
      <subfield code="2">fast</subfield>
      <subfield code="0">(OCoLC)fst00813666</subfield>
    </datafield>
    <datafield tag="650" ind1=" " ind2="7">
      <subfield code="a">Historic buildings</subfield>
      <subfield code="2">fast</subfield>
      <subfield code="0">(OCoLC)fst00957723</subfield>
    </datafield>
    <datafield tag="651" ind1=" " ind2="7">
      <subfield code="a">Maryland</subfield>
      <subfield code="2">fast</subfield>
      <subfield code="0">(OCoLC)fst01204739</subfield>
    </datafield>
    <datafield tag="905" ind1=" " ind2=" ">
      <subfield code="a">19971110120000.0</subfield>
    </datafield>
    <datafield tag="948" ind1="2" ind2=" ">
      <subfield code="a">20141016</subfield>
      <subfield code="b">m</subfield>
      <subfield code="d">batch</subfield>
      <subfield code="e">lts</subfield>
      <subfield code="x">addfast</subfield>
    </datafield>
    <datafield tag="950" ind1=" " ind2=" ">
      <subfield code="l">FINE</subfield>
      <subfield code="a">NA7235.M3</subfield>
      <subfield code="b">F6</subfield>
      <subfield code="f">BASIC</subfield>
      <subfield code="i">02/24/86 N</subfield>
    </datafield>
  </record>