
  <record>
    <leader>01567cam a2200349   4500</leader>
    <controlfield tag="001">122</controlfield>
    <controlfield tag="005">20141021232406.0</controlfield>
    <controlfield tag="008">851126s1953    mauab         001 0 eng d</controlfield>
    <datafield tag="010" ind1=" " ind2=" ">
      <subfield code="a">   53002476/L </subfield>
    </datafield>
    <datafield tag="035" ind1=" " ind2=" ">
      <subfield code="a">(CStRLIN)NYCX85B133329</subfield>
    </datafield>
    <datafield tag="035" ind1=" " ind2=" ">
      <subfield code="a">(NIC)notisAAA0120</subfield>
    </datafield>
    <datafield tag="035" ind1=" " ind2=" ">
      <subfield code="a">(OCoLC)2203536</subfield>
    </datafield>
    <datafield tag="035" ind1=" " ind2=" ">
      <subfield code="a">122</subfield>
    </datafield>
    <datafield tag="040" ind1=" " ind2=" ">
      <subfield code="a">PPT</subfield>
      <subfield code="c">PPT</subfield>
      <subfield code="d">NIC</subfield>
    </datafield>
    <datafield tag="050" ind1="0" ind2=" ">
      <subfield code="a">JX1308</subfield>
      <subfield code="b">.P3</subfield>
    </datafield>
    <datafield tag="050" ind1=" " ind2="4">
      <subfield code="a">JZ1305</subfield>
      <subfield code="b">.P35 1953</subfield>
    </datafield>
    <datafield tag="100" ind1="1" ind2=" ">
      <subfield code="a">Palmer, Norman Dunbar.</subfield>
    </datafield>
    <datafield tag="245" ind1="1" ind2="0">
      <subfield code="a">International relations;</subfield>
      <subfield code="b">the world community in transition</subfield>
      <subfield code="c">[by] Norman D. Palmer [and] Howard C. Perkins.</subfield>
    </datafield>
    <datafield tag="260" ind1=" " ind2=" ">
      <subfield code="a">Boston,</subfield>
      <subfield code="b">Houghton Mifflin</subfield>
      <subfield code="c">[1953]</subfield>
    </datafield>
    <datafield tag="300" ind1=" " ind2=" ">
      <subfield code="a">ix, 1270 p.</subfield>
      <subfield code="b">illus., maps.</subfield>
      <subfield code="c">24 cm.</subfield>
    </datafield>
    <datafield tag="505" ind1="0" ind2=" ">
      <subfield code="a">pt. 1. The pattern of international life.--pt. 2. Instruments for the promotion of the national interest.--pt. 3. The controls of interstate relations.--pt. 4. The course of international politics, 1900-1945.--pt. 5. Conflict and change in the postwar world.--pt. 6. Formulations of the national interest.--pt. 7. The resumption of the great experiment.--pt. 8. The future of the world community.</subfield>
    </datafield>
    <datafield tag="650" ind1=" " ind2="0">
      <subfield code="a">International relations.</subfield>
    </datafield>
    <datafield tag="650" ind1=" " ind2="0">
      <subfield code="a">World politics</subfield>
      <subfield code="y">1945-</subfield>
    </datafield>
    <datafield tag="648" ind1=" " ind2="7">
      <subfield code="a">Since 1945</subfield>
      <subfield code="2">fast</subfield>
    </datafield>
    <datafield tag="650" ind1=" " ind2="7">
      <subfield code="a">International relations</subfield>
      <subfield code="2">fast</subfield>
      <subfield code="0">(OCoLC)fst00977053</subfield>
    </datafield>
    <datafield tag="650" ind1=" " ind2="7">
      <subfield code="a">World politics</subfield>
      <subfield code="2">fast</subfield>
      <subfield code="0">(OCoLC)fst01181381</subfield>
    </datafield>
    <datafield tag="700" ind1="1" ind2=" ">
      <subfield code="a">Perkins, Howard Cecil.</subfield>
    </datafield>
    <datafield tag="905" ind1=" " ind2=" ">
      <subfield code="a">19880603120000.0</subfield>
    </datafield>
    <datafield tag="948" ind1="2" ind2=" ">
      <subfield code="a">20050802</subfield>
      <subfield code="b">y</subfield>
      <subfield code="d">wml1</subfield>
      <subfield code="e">law</subfield>
    </datafield>
    <datafield tag="948" ind1="2" ind2=" ">
      <subfield code="a">20141016</subfield>
      <subfield code="b">m</subfield>
      <subfield code="d">batch</subfield>
      <subfield code="e">lts</subfield>
      <subfield code="x">addfast</subfield>
    </datafield>
    <datafield tag="950" ind1=" " ind2=" ">
      <subfield code="l">OLIN</subfield>
      <subfield code="a">JX1308</subfield>
      <subfield code="b">.P17</subfield>
      <subfield code="f">BASIC</subfield>
      <subfield code="i">01/10/86 N</subfield>
      <subfield code="h">11/26/85 N</subfield>
    </datafield>
    <datafield tag="950" ind1=" " ind2=" ">
      <subfield code="l">LAW</subfield>
      <subfield code="a">JX1308</subfield>
      <subfield code="b">.P17 1953</subfield>
      <subfield code="f">BASIC</subfield>
      <subfield code="i">01/10/86 N</subfield>
    </datafield>
  </record>
</collection>
